@article{bilodeau22,
  title={High-priority expected waiting times in the delayed accumulating priority queue with applications to health care KPIs},
  author={Bilodeau, Blair and Stanford, David A},
  journal={INFOR: Information Systems and Operational Research},
  pages={1--30},
  year={2022},
  publisher={Taylor \& Francis}
}

@article{jackson60,
  title={Some problems in queueing with dynamic priorities},
  author={Jackson, James R},
  journal={Naval Research Logistics Quarterly},
  volume={7},
  number={3},
  pages={235--249},
  year={1960},
  publisher={Wiley Online Library}
}

@article{holtzman71,
  title={Bounds for a dynamic-priority queue},
  author={Holtzman, JM},
  journal={Operations Research},
  volume={19},
  number={2},
  pages={461--468},
  year={1971},
  publisher={INFORMS}
}

@article{netterman79,
  title={A dynamic priority queue with general concave priority functions},
  author={Netterman, A and Adiri, I},
  journal={Operations Research},
  volume={27},
  number={6},
  pages={1088--1100},
  year={1979},
  publisher={INFORMS}
}

@article{fratini90,
  title={Analysis of a dynamic priority queue},
  author={Fratini, Stephen S},
  journal={Stochastic Models},
  volume={6},
  number={3},
  pages={415--444},
  year={1990},
  publisher={Taylor \& Francis}
}

@article{he12,
  title={Priority queue with customer upgrades},
  author={He, Qi-Ming and Xie, Jingui and Zhao, Xiaobo},
  journal={Naval Research Logistics (NRL)},
  volume={59},
  number={5},
  pages={362--375},
  year={2012},
  publisher={Wiley Online Library}
}

@article{down10,
  title={The N-network model with upgrades},
  author={Down, Douglas G and Lewis, Mark E},
  journal={Probability in the Engineering and Informational Sciences},
  volume={24},
  number={2},
  pages={171--200},
  year={2010},
  publisher={Cambridge University Press}
}

@article{knessl03,
  title={A dynamic priority queue model for simultaneous service of two traffic types},
  author={Knessl, Charles and Tier, Charles and Il Choi, Doo},
  journal={SIAM Journal on Applied Mathematics},
  volume={63},
  number={2},
  pages={398--422},
  year={2003},
  publisher={SIAM}
}

@article{xie08,
  title={Stability of a priority queueing system with customer transfers},
  author={Xie, Jingui and He, Qi-Ming and Zhao, Xiaobo},
  journal={Operations Research Letters},
  volume={36},
  number={6},
  pages={705--709},
  year={2008},
  publisher={Elsevier}
}

@article{palmer19,
  title={Ciw: An open-source discrete event simulation library},
  author={Palmer, Geraint I and Knight, Vincent A and Harper, Paul R and Hawa, Asyl L},
  journal={Journal of Simulation},
  volume={13},
  number={1},
  pages={68--82},
  year={2019},
  publisher={Taylor \& Francis}
}

@book{robinson14,
  title = "Simulation: the practice of model development and use.",
  author = "Robinson, Stewart",
  year = "2014",
  publisher = "{Palgrave Macmillan}"
}

@phdthesis{palmer18,
  title={Modelling deadlock in queueing systems},
  author={Palmer, Geraint},
  year={2018},
  school={Cardiff University}
}

@article{dickyfuller79,
 ISSN = {01621459},
 URL = {http://www.jstor.org/stable/2286348},
 author = {David A. Dickey and Wayne A. Fuller},
 journal = {Journal of the American Statistical Association},
 number = {366},
 pages = {427--431},
 publisher = {[American Statistical Association, Taylor & Francis, Ltd.]},
 title = {Distribution of the Estimators for Autoregressive Time Series With a Unit Root},
 volume = {74},
 year = {1979}
}

@misc{traces,
  author = {The Traces library developers},
  title = {Traces},
  year = {2023},
  howpublished = "\url{https://traces.readthedocs.io/en/master/api_reference.html}",
}
